@comment --- K ---
@techreport{kahrs1993mistakes,
author = {Stefan Kahrs},
title = {{Mistakes and Ambiguities in the definition of Standard ML}},
month = {April},
year = {1993},
pages = {182--196},
keywords = {determinacy analysis, Craig interpolants},
note = {Available at \url{http://www.cs.kent.ac.uk/pubs/1993/569}},
doi = {},
url = {http://www.cs.kent.ac.uk/pubs/1993/569},
    institution = {University of Edinburgh},
    number = {ECS-LFCS-93-257},
    type = {LFCS Report},
}
@misc{kahrs1996addenda,
author = {Stefan Kahrs},
title = {{Mistakes and Ambiguities in the definition of Standard ML --- Addenda}},
year={1996},
howpublished={\url{http://www.cs.kent.ac.uk/~smk/errors-new.ps.Z}}
}
@book{kennington2024dg,
author={Kennington, Alan U},
title={Differential Geometry Reconstructed: A Unified Systematic Framework},
note={draft available \url{http://www.topology.org/tex/conc/dgstats.php}},
year={2024}
}

@comment --- M ---
@book{milner1991commentary,
  title={{Commentary on Standard ML}},
  author={Milner, Robin and Tofte, Mads},
  year={1991},
  publisher={MIT press}
}

@book{milner1990definition,
  title={{The Definition of Standard ML}},
  author={Milner, Robin and Tofte, Mads and Harper, Robert},
  year={1990},
  publisher={MIT press}
}
@book{milner1997definition,
  title={{The Definition of Standard ML: Revised}},
  author={Milner, Robin and Tofte, Mads and Harper, Robert and MacQueen, David},
  year={1997},
  publisher={MIT press}
}

@comment --- P ---
@book{pierce2005advanced,
  author={Pierce, Benjamin C},
  title={{Advanced Topics in Types and Programming Languages}},
  year={2005},
  publisher={MIT press}
}

@incollection{pottier2005essence,
  crossref={pierce2005advanced},
  author={Pottier, Fran{\c{c}}ois and R{\'e}my, Didier},
  title={{The Essence of ML Type Inference}},
  editor={Pierce, Benjamin C},
  pages={389--489},
  year={2005},
  note={Extended version available \url{http://cristal.inria.fr/attapl/emlti-long.pdf}}
}


@comment --- R ---
@misc{rossberg2018defects,
author={Rossberg, Andreas},
title={{Defects in the Revised Definition of Standard ML}},
year={2018},
howpublished={\url{https://people.mpi-sws.org/~rossberg/papers/sml-defects-2013-09-18.pdf}}
}

@inproceedings{scott2023analysing,
  title={{Analysing the SML97 Definition: Lexicalisation}},
  author={Scott, Elizabeth and Johnstone, Adrian},
  booktitle={{Eelco Visser Commemorative Symposium (EVCS 2023)}},
  year={2023},
  organization={Schloss-Dagstuhl-Leibniz Zentrum f{\"u}r Informatik}
}
@article{scott2023multiple,
  title={Multiple input parsing and lexical analysis},
  author={Scott, Elizabeth and Johnstone, Adrian and Walsh, Robert},
  journal={ACM Transactions on Programming Languages and Systems},
  volume={45},
  number={3},
  pages={1--44},
  year={2023},
  publisher={ACM New York, NY}
}
